orderbook_timestamp,book,bid,ask,spread
2024-05-28T23:08:33+00:00,btc_mxn,1148290.0,1150090.0,0.15650949056160823
2024-05-28T23:08:34+00:00,usd_mxn,16.782,16.791,0.05360014293371652
2024-05-28T23:08:35+00:00,btc_mxn,1148290.0,1150090.0,0.15650949056160823
2024-05-28T23:08:35+00:00,usd_mxn,16.782,16.791,0.05360014293371652
2024-05-28T23:08:37+00:00,btc_mxn,1148290.0,1150080.0,0.15564134668892599
2024-05-28T23:08:37+00:00,usd_mxn,16.782,16.791,0.05360014293371652
2024-05-28T23:08:39+00:00,btc_mxn,1148290.0,1150070.0,0.15477318771900841
2024-05-28T23:08:39+00:00,usd_mxn,16.782,16.791,0.05360014293371652
2024-05-28T23:08:41+00:00,btc_mxn,1148290.0,1150070.0,0.15477318771900841
2024-05-28T23:08:41+00:00,usd_mxn,16.782,16.791,0.05360014293371652
2024-05-28T23:08:43+00:00,btc_mxn,1148290.0,1150070.0,0.15477318771900841
2024-05-28T23:08:43+00:00,usd_mxn,16.782,16.791,0.05360014293371652
2024-05-28T23:08:44+00:00,btc_mxn,1148290.0,1150070.0,0.15477318771900841
2024-05-28T23:08:45+00:00,usd_mxn,16.782,16.791,0.05360014293371652
2024-05-28T23:08:46+00:00,btc_mxn,1148290.0,1150070.0,0.15477318771900841
2024-05-28T23:08:47+00:00,usd_mxn,16.782,16.791,0.05360014293371652
2024-05-28T23:08:49+00:00,btc_mxn,1148290.0,1150050.0,0.15303682448589193
2024-05-28T23:08:49+00:00,usd_mxn,16.78,16.791,0.06551128580786869
2024-05-28T23:08:51+00:00,btc_mxn,1148290.0,1150050.0,0.15303682448589193
2024-05-28T23:08:51+00:00,usd_mxn,16.782,16.791,0.05360014293371652
2024-05-28T23:08:53+00:00,btc_mxn,1148290.0,1150050.0,0.15303682448589193
2024-05-28T23:08:53+00:00,usd_mxn,16.782,16.791,0.05360014293371652
2024-05-28T23:08:55+00:00,btc_mxn,1148290.0,1150050.0,0.15303682448589193
2024-05-28T23:08:55+00:00,usd_mxn,16.779,16.791,0.07146685724495536
2024-05-28T23:08:57+00:00,btc_mxn,1148290.0,1150050.0,0.15303682448589193
2024-05-28T23:08:57+00:00,usd_mxn,16.78,16.791,0.06551128580786869
2024-05-28T23:08:59+00:00,btc_mxn,1148290.0,1150050.0,0.15303682448589193
2024-05-28T23:08:59+00:00,usd_mxn,16.782,16.791,0.05360014293371652
2024-05-28T23:09:01+00:00,btc_mxn,1148290.0,1150050.0,0.15303682448589193
2024-05-28T23:09:01+00:00,usd_mxn,16.782,16.791,0.05360014293371652
2024-05-28T23:09:03+00:00,btc_mxn,1148290.0,1150050.0,0.15303682448589193
2024-05-28T23:09:03+00:00,usd_mxn,16.782,16.791,0.05360014293371652
2024-05-28T23:09:05+00:00,btc_mxn,1148290.0,1150030.0,0.15130040085910804
2024-05-28T23:09:05+00:00,usd_mxn,16.776,16.791,0.0893335715561942
2024-05-28T23:09:07+00:00,btc_mxn,1148290.0,1150030.0,0.15130040085910804
2024-05-28T23:09:07+00:00,usd_mxn,16.782,16.791,0.05360014293371652
2024-05-28T23:09:09+00:00,btc_mxn,1148290.0,1150030.0,0.15130040085910804
2024-05-28T23:09:09+00:00,usd_mxn,16.782,16.791,0.05360014293371652
2024-05-28T23:09:11+00:00,btc_mxn,1148290.0,1150030.0,0.15130040085910804
2024-05-28T23:09:11+00:00,usd_mxn,16.78,16.791,0.06551128580786869
2024-05-28T23:09:13+00:00,btc_mxn,1148290.0,1150030.0,0.15130040085910804
2024-05-28T23:09:13+00:00,usd_mxn,16.782,16.791,0.05360014293371652
2024-05-28T23:09:15+00:00,btc_mxn,1148290.0,1150030.0,0.15130040085910804
2024-05-28T23:09:15+00:00,usd_mxn,16.782,16.791,0.05360014293371652
2024-05-28T23:09:17+00:00,btc_mxn,1148290.0,1150030.0,0.15130040085910804
2024-05-28T23:09:17+00:00,usd_mxn,16.779,16.791,0.07146685724495536
2024-05-28T23:09:19+00:00,btc_mxn,1148290.0,1150030.0,0.15130040085910804
2024-05-28T23:09:19+00:00,usd_mxn,16.782,16.791,0.05360014293371652
2024-05-28T23:09:20+00:00,btc_mxn,1148290.0,1150030.0,0.15130040085910804
2024-05-28T23:09:21+00:00,usd_mxn,16.782,16.791,0.05360014293371652
2024-05-28T23:09:22+00:00,btc_mxn,1148290.0,1150030.0,0.15130040085910804
2024-05-28T23:09:23+00:00,usd_mxn,16.782,16.791,0.05360014293371652
2024-05-28T23:09:24+00:00,btc_mxn,1148290.0,1150030.0,0.15130040085910804
2024-05-28T23:09:25+00:00,usd_mxn,16.775,16.792,0.10123868508815514
2024-05-28T23:09:26+00:00,btc_mxn,1148290.0,1150030.0,0.15130040085910804
2024-05-28T23:09:27+00:00,usd_mxn,16.782,16.792,0.05955216769891354
2024-05-28T23:09:28+00:00,btc_mxn,1148290.0,1150030.0,0.15130040085910804
2024-05-28T23:09:29+00:00,usd_mxn,16.782,16.792,0.05955216769891354
2024-05-28T23:09:30+00:00,btc_mxn,1148290.0,1150030.0,0.15130040085910804
2024-05-28T23:09:30+00:00,usd_mxn,16.781,16.791,0.05955571437080319
2024-05-28T23:09:32+00:00,btc_mxn,1148290.0,1150030.0,0.15130040085910804
2024-05-28T23:09:32+00:00,usd_mxn,16.779,16.792,0.07741781800858549
2024-05-28T23:09:34+00:00,btc_mxn,1148290.0,1150030.0,0.15130040085910804
2024-05-28T23:09:34+00:00,usd_mxn,16.778,16.792,0.0833730347784832
2024-05-28T23:09:35+00:00,btc_mxn,1148290.0,1150020.0,0.15043216639710613
2024-05-28T23:09:36+00:00,usd_mxn,16.779,16.792,0.07741781800858549
2024-05-28T23:09:37+00:00,btc_mxn,1148290.0,1149960.0,0.14522244251973981
2024-05-28T23:09:38+00:00,usd_mxn,16.779,16.792,0.07741781800858549
2024-05-28T23:09:39+00:00,btc_mxn,1148290.0,1149990.0,0.14782737241193403
2024-05-28T23:09:39+00:00,usd_mxn,16.779,16.792,0.07741781800858549
2024-05-28T23:09:41+00:00,btc_mxn,1148290.0,1149990.0,0.14782737241193403
2024-05-28T23:09:41+00:00,usd_mxn,16.779,16.792,0.07741781800858549
2024-05-28T23:09:43+00:00,btc_mxn,1148290.0,1149940.0,0.14348574708245648
2024-05-28T23:09:43+00:00,usd_mxn,16.779,16.791,0.07146685724495536
2024-05-28T23:09:45+00:00,btc_mxn,1148290.0,1149880.0,0.1382752982919957
2024-05-28T23:09:45+00:00,usd_mxn,16.782,16.791,0.05360014293371652
2024-05-28T23:09:47+00:00,btc_mxn,1148290.0,1149870.0,0.1374068372946507
2024-05-28T23:09:47+00:00,usd_mxn,16.782,16.791,0.05360014293371652
2024-05-28T23:09:48+00:00,btc_mxn,1148290.0,1149870.0,0.1374068372946507
2024-05-28T23:09:49+00:00,usd_mxn,16.782,16.791,0.05360014293371652
2024-05-28T23:09:50+00:00,btc_mxn,1148280.0,1149860.0,0.13740803228219087
2024-05-28T23:09:50+00:00,usd_mxn,16.781,16.791,0.05955571437080319
2024-05-28T23:09:52+00:00,btc_mxn,1148280.0,1149840.0,0.13567104988520143
2024-05-28T23:09:52+00:00,usd_mxn,16.78,16.791,0.06551128580786869
2024-05-28T23:09:54+00:00,btc_mxn,1148280.0,1149830.0,0.13480253602706488
2024-05-28T23:09:54+00:00,usd_mxn,16.782,16.791,0.05360014293371652
2024-05-28T23:09:55+00:00,btc_mxn,1148280.0,1149770.0,0.12959113561842803
2024-05-28T23:09:56+00:00,usd_mxn,16.782,16.791,0.05360014293371652
2024-05-28T23:09:57+00:00,btc_mxn,1148280.0,1149590.0,0.11395367043902609
2024-05-28T23:09:58+00:00,usd_mxn,16.779,16.791,0.07146685724495536
2024-05-28T23:09:59+00:00,btc_mxn,1148280.0,1149590.0,0.11395367043902609
2024-05-28T23:10:00+00:00,usd_mxn,16.782,16.791,0.05360014293371652
2024-05-28T23:10:01+00:00,btc_mxn,1148280.0,1149590.0,0.11395367043902609
2024-05-28T23:10:02+00:00,usd_mxn,16.778,16.791,0.07742242868204202
2024-05-28T23:10:03+00:00,btc_mxn,1147690.0,1149570.0,0.1635394103882321
2024-05-28T23:10:03+00:00,usd_mxn,16.781,16.791,0.05955571437080319
2024-05-28T23:10:05+00:00,btc_mxn,1147690.0,1149570.0,0.1635394103882321
2024-05-28T23:10:05+00:00,usd_mxn,16.782,16.791,0.05360014293371652
2024-05-28T23:10:07+00:00,btc_mxn,1147690.0,1149570.0,0.1635394103882321
2024-05-28T23:10:07+00:00,usd_mxn,16.782,16.791,0.05360014293371652
2024-05-28T23:10:08+00:00,btc_mxn,1147690.0,1149560.0,0.16267093496642193
2024-05-28T23:10:09+00:00,usd_mxn,16.779,16.791,0.07146685724495536
2024-05-28T23:10:10+00:00,btc_mxn,1147690.0,1149550.0,0.1618024444347788
2024-05-28T23:10:11+00:00,usd_mxn,16.782,16.791,0.05360014293371652
2024-05-28T23:10:12+00:00,btc_mxn,1147690.0,1149550.0,0.1618024444347788
2024-05-28T23:10:12+00:00,usd_mxn,16.782,16.791,0.05360014293371652
2024-05-28T23:10:14+00:00,btc_mxn,1147690.0,1149550.0,0.1618024444347788
2024-05-28T23:10:14+00:00,usd_mxn,16.78,16.791,0.06551128580786869
2024-05-28T23:10:16+00:00,btc_mxn,1147690.0,1149510.0,0.1583283312019904
2024-05-28T23:10:16+00:00,usd_mxn,16.784,16.791,0.04168900005956434
2024-05-28T23:10:17+00:00,btc_mxn,1147300.0,1149510.0,0.19225583074527408
2024-05-28T23:10:18+00:00,usd_mxn,16.783,16.791,0.04764457149662985
2024-05-28T23:10:19+00:00,btc_mxn,1147300.0,1149500.0,0.19138755980861244
2024-05-28T23:10:20+00:00,usd_mxn,16.783,16.791,0.04764457149662985
2024-05-28T23:10:21+00:00,btc_mxn,1147300.0,1149470.0,0.18878265635466782
2024-05-28T23:10:21+00:00,usd_mxn,16.778,16.791,0.07742242868204202
2024-05-28T23:10:23+00:00,btc_mxn,1147300.0,1149480.0,0.1896509726137036
2024-05-28T23:10:23+00:00,usd_mxn,16.782,16.791,0.05360014293371652
2024-05-28T23:10:25+00:00,btc_mxn,1147300.0,1149470.0,0.18878265635466782
2024-05-28T23:10:25+00:00,usd_mxn,16.782,16.791,0.05360014293371652
2024-05-28T23:10:27+00:00,btc_mxn,1147300.0,1149450.0,0.187045978511462
2024-05-28T23:10:27+00:00,usd_mxn,16.779,16.791,0.07146685724495536
2024-05-28T23:10:29+00:00,btc_mxn,1147300.0,1149450.0,0.187045978511462
2024-05-28T23:10:29+00:00,usd_mxn,16.779,16.791,0.07146685724495536
2024-05-28T23:10:31+00:00,btc_mxn,1147300.0,1149370.0,0.18009866274567807
2024-05-28T23:10:31+00:00,usd_mxn,16.781,16.791,0.05955571437080319
2024-05-28T23:10:33+00:00,btc_mxn,1147300.0,1149350.0,0.1783616826902162
2024-05-28T23:10:33+00:00,usd_mxn,16.782,16.791,0.05360014293371652
2024-05-28T23:10:35+00:00,btc_mxn,1147300.0,1149360.0,0.17923018027423956
2024-05-28T23:10:35+00:00,usd_mxn,16.777,16.791,0.08337800011910754
2024-05-28T23:10:37+00:00,btc_mxn,1147300.0,1149290.0,0.17315037979970244
2024-05-28T23:10:37+00:00,usd_mxn,16.782,16.791,0.05360014293371652
2024-05-28T23:10:39+00:00,btc_mxn,1147300.0,1149290.0,0.17315037979970244
2024-05-28T23:10:39+00:00,usd_mxn,16.782,16.791,0.05360014293371652
2024-05-28T23:10:41+00:00,btc_mxn,1147300.0,1149340.0,0.1774931699932135
2024-05-28T23:10:41+00:00,usd_mxn,16.779,16.792,0.07741781800858549
2024-05-28T23:10:43+00:00,btc_mxn,1147300.0,1149300.0,0.17401896806751935
2024-05-28T23:10:43+00:00,usd_mxn,16.779,16.792,0.07741781800858549
2024-05-28T23:10:45+00:00,btc_mxn,1147300.0,1149280.0,0.17228177641653905
2024-05-28T23:10:45+00:00,usd_mxn,16.78,16.792,0.07146260123868779
2024-05-28T23:10:47+00:00,btc_mxn,1147300.0,1149230.0,0.16793853275671536
2024-05-28T23:10:47+00:00,usd_mxn,16.778,16.791,0.07742242868204202
2024-05-28T23:10:49+00:00,btc_mxn,1147300.0,1149230.0,0.16793853275671536
2024-05-28T23:10:49+00:00,usd_mxn,16.782,16.791,0.05360014293371652
2024-05-28T23:10:50+00:00,btc_mxn,1147300.0,1149230.0,0.16793853275671536
2024-05-28T23:10:51+00:00,usd_mxn,16.782,16.791,0.05360014293371652
2024-05-28T23:10:52+00:00,btc_mxn,1147300.0,1149210.0,0.16620112947155002
2024-05-28T23:10:53+00:00,usd_mxn,16.782,16.791,0.05360014293371652
2024-05-28T23:10:55+00:00,btc_mxn,1147300.0,1149210.0,0.16620112947155002
2024-05-28T23:10:55+00:00,usd_mxn,16.782,16.791,0.05360014293371652
2024-05-28T23:10:56+00:00,btc_mxn,1147300.0,1149210.0,0.16620112947155002
2024-05-28T23:10:57+00:00,usd_mxn,16.78,16.791,0.06551128580786869
2024-05-28T23:10:58+00:00,btc_mxn,1147310.0,1149190.0,0.16359348758690903
2024-05-28T23:10:59+00:00,usd_mxn,16.782,16.791,0.05360014293371652
2024-05-28T23:11:00+00:00,btc_mxn,1147310.0,1149190.0,0.16359348758690903
2024-05-28T23:11:00+00:00,usd_mxn,16.782,16.791,0.05360014293371652
2024-05-28T23:11:02+00:00,btc_mxn,1147310.0,1149190.0,0.16359348758690903
2024-05-28T23:11:02+00:00,usd_mxn,16.782,16.791,0.05360014293371652
2024-05-28T23:11:03+00:00,btc_mxn,1147310.0,1149190.0,0.16359348758690903
2024-05-28T23:11:04+00:00,usd_mxn,16.782,16.791,0.05360014293371652
2024-05-28T23:11:05+00:00,btc_mxn,1147320.0,1149190.0,0.16272330946144675
2024-05-28T23:11:06+00:00,usd_mxn,16.782,16.791,0.05360014293371652
2024-05-28T23:11:07+00:00,btc_mxn,1147320.0,1149190.0,0.16272330946144675
2024-05-28T23:11:08+00:00,usd_mxn,16.782,16.791,0.05360014293371652
2024-05-28T23:11:09+00:00,btc_mxn,1147320.0,1149190.0,0.16272330946144675
2024-05-28T23:11:09+00:00,usd_mxn,16.78,16.791,0.06551128580786869
2024-05-28T23:11:11+00:00,btc_mxn,1147320.0,1149190.0,0.16272330946144675
2024-05-28T23:11:11+00:00,usd_mxn,16.782,16.791,0.05360014293371652
2024-05-28T23:11:13+00:00,btc_mxn,1147320.0,1149190.0,0.16272330946144675
2024-05-28T23:11:13+00:00,usd_mxn,16.782,16.791,0.05360014293371652
2024-05-28T23:11:15+00:00,btc_mxn,1147320.0,1149170.0,0.16098575493617132
2024-05-28T23:11:15+00:00,usd_mxn,16.779,16.792,0.07741781800858549
2024-05-28T23:11:16+00:00,btc_mxn,1147320.0,1149170.0,0.16098575493617132
2024-05-28T23:11:17+00:00,usd_mxn,16.779,16.792,0.07741781800858549
2024-05-28T23:11:18+00:00,btc_mxn,1147320.0,1149150.0,0.15924813992951312
2024-05-28T23:11:19+00:00,usd_mxn,16.779,16.792,0.07741781800858549
2024-05-28T23:11:20+00:00,btc_mxn,1147320.0,1149090.0,0.1540349319896614
2024-05-28T23:11:21+00:00,usd_mxn,16.779,16.792,0.07741781800858549
2024-05-28T23:11:22+00:00,btc_mxn,1147320.0,1149090.0,0.1540349319896614
2024-05-28T23:11:22+00:00,usd_mxn,16.782,16.792,0.05955216769891354
2024-05-28T23:11:24+00:00,btc_mxn,1147320.0,1149090.0,0.1540349319896614
2024-05-28T23:11:24+00:00,usd_mxn,16.782,16.792,0.05955216769891354
2024-05-28T23:11:26+00:00,btc_mxn,1147320.0,1149070.0,0.15229707502589052
2024-05-28T23:11:26+00:00,usd_mxn,16.782,16.791,0.05360014293371652
2024-05-28T23:11:27+00:00,btc_mxn,1147320.0,1149070.0,0.15229707502589052
2024-05-28T23:11:28+00:00,usd_mxn,16.778,16.791,0.07742242868204202
2024-05-28T23:11:29+00:00,btc_mxn,1147320.0,1149070.0,0.15229707502589052
2024-05-28T23:11:30+00:00,usd_mxn,16.782,16.791,0.05360014293371652
2024-05-28T23:11:31+00:00,btc_mxn,1147320.0,1149070.0,0.15229707502589052
2024-05-28T23:11:32+00:00,usd_mxn,16.782,16.791,0.05360014293371652
2024-05-28T23:11:33+00:00,btc_mxn,1147320.0,1149070.0,0.15229707502589052
2024-05-28T23:11:34+00:00,usd_mxn,16.782,16.791,0.05360014293371652
2024-05-28T23:11:35+00:00,btc_mxn,1147320.0,1149070.0,0.15229707502589052
2024-05-28T23:11:36+00:00,usd_mxn,16.779,16.791,0.07146685724495536
2024-05-28T23:11:37+00:00,btc_mxn,1147320.0,1149050.0,0.15055915756494495
2024-05-28T23:11:37+00:00,usd_mxn,16.782,16.791,0.05360014293371652
2024-05-28T23:11:39+00:00,btc_mxn,1147320.0,1149050.0,0.15055915756494495
2024-05-28T23:11:39+00:00,usd_mxn,16.782,16.791,0.05360014293371652
2024-05-28T23:11:41+00:00,btc_mxn,1147320.0,1149050.0,0.15055915756494495
2024-05-28T23:11:41+00:00,usd_mxn,16.782,16.791,0.05360014293371652
2024-05-28T23:11:42+00:00,btc_mxn,1147320.0,1149030.0,0.1488211796036657
2024-05-28T23:11:43+00:00,usd_mxn,16.781,16.791,0.05955571437080319
2024-05-28T23:11:44+00:00,btc_mxn,1147320.0,1149030.0,0.1488211796036657
2024-05-28T23:11:45+00:00,usd_mxn,16.781,16.791,0.05955571437080319
2024-05-28T23:11:46+00:00,btc_mxn,1147320.0,1149030.0,0.1488211796036657
2024-05-28T23:11:46+00:00,usd_mxn,16.781,16.791,0.05955571437080319
2024-05-28T23:11:48+00:00,btc_mxn,1147320.0,1149020.0,0.14795216793441368
2024-05-28T23:11:48+00:00,usd_mxn,16.781,16.791,0.05955571437080319
2024-05-28T23:11:50+00:00,btc_mxn,1147320.0,1149010.0,0.14708314113889348
2024-05-28T23:11:50+00:00,usd_mxn,16.781,16.791,0.05955571437080319
2024-05-28T23:11:52+00:00,btc_mxn,1147320.0,1149010.0,0.14708314113889348
2024-05-28T23:11:52+00:00,usd_mxn,16.781,16.791,0.05955571437080319
2024-05-28T23:11:53+00:00,btc_mxn,1147320.0,1149010.0,0.14708314113889348
2024-05-28T23:11:54+00:00,usd_mxn,16.781,16.791,0.05955571437080319
2024-05-28T23:11:55+00:00,btc_mxn,1147320.0,1148970.0,0.143606882686232
2024-05-28T23:11:56+00:00,usd_mxn,16.781,16.791,0.05955571437080319
2024-05-28T23:11:57+00:00,btc_mxn,1147320.0,1148970.0,0.143606882686232
2024-05-28T23:11:58+00:00,usd_mxn,16.781,16.791,0.05955571437080319
2024-05-28T23:11:59+00:00,btc_mxn,1147320.0,1148970.0,0.143606882686232
2024-05-28T23:12:00+00:00,usd_mxn,16.781,16.791,0.05955571437080319
2024-05-28T23:12:01+00:00,btc_mxn,1147320.0,1148970.0,0.143606882686232
2024-05-28T23:12:02+00:00,usd_mxn,16.781,16.791,0.05955571437080319
2024-05-28T23:12:03+00:00,btc_mxn,1147320.0,1148970.0,0.143606882686232
2024-05-28T23:12:04+00:00,usd_mxn,16.781,16.791,0.05955571437080319
2024-05-28T23:12:05+00:00,btc_mxn,1147320.0,1148970.0,0.143606882686232
2024-05-28T23:12:06+00:00,usd_mxn,16.776,16.791,0.0893335715561942
2024-05-28T23:12:07+00:00,btc_mxn,1147320.0,1148970.0,0.143606882686232
2024-05-28T23:12:08+00:00,usd_mxn,16.781,16.791,0.05955571437080319
2024-05-28T23:12:09+00:00,btc_mxn,1147320.0,1148970.0,0.143606882686232
2024-05-28T23:12:10+00:00,usd_mxn,16.781,16.791,0.05955571437080319
2024-05-28T23:12:11+00:00,btc_mxn,1147320.0,1148970.0,0.143606882686232
2024-05-28T23:12:12+00:00,usd_mxn,16.781,16.791,0.05955571437080319
2024-05-28T23:12:13+00:00,btc_mxn,1147320.0,1148970.0,0.143606882686232
2024-05-28T23:12:14+00:00,usd_mxn,16.781,16.791,0.05955571437080319
2024-05-28T23:12:15+00:00,btc_mxn,1146940.0,1148970.0,0.176679982941243
2024-05-28T23:12:15+00:00,usd_mxn,16.781,16.791,0.05955571437080319
2024-05-28T23:12:17+00:00,btc_mxn,1146940.0,1148970.0,0.176679982941243
2024-05-28T23:12:17+00:00,usd_mxn,16.773,16.791,0.10720028586743303
2024-05-28T23:12:19+00:00,btc_mxn,1146940.0,1148970.0,0.176679982941243
2024-05-28T23:12:19+00:00,usd_mxn,16.779,16.791,0.07146685724495536
2024-05-28T23:12:21+00:00,btc_mxn,1146940.0,1148970.0,0.176679982941243
2024-05-28T23:12:21+00:00,usd_mxn,16.781,16.791,0.05955571437080319
2024-05-28T23:12:23+00:00,btc_mxn,1146940.0,1148970.0,0.176679982941243
2024-05-28T23:12:23+00:00,usd_mxn,16.781,16.791,0.05955571437080319
2024-05-28T23:12:25+00:00,btc_mxn,1146940.0,1148970.0,0.176679982941243
2024-05-28T23:12:25+00:00,usd_mxn,16.781,16.791,0.05955571437080319
2024-05-28T23:12:26+00:00,btc_mxn,1146940.0,1148970.0,0.176679982941243
2024-05-28T23:12:27+00:00,usd_mxn,16.78,16.791,0.06551128580786869
2024-05-28T23:12:28+00:00,btc_mxn,1146940.0,1148970.0,0.176679982941243
2024-05-28T23:12:29+00:00,usd_mxn,16.781,16.791,0.05955571437080319
2024-05-28T23:12:30+00:00,btc_mxn,1146940.0,1148970.0,0.176679982941243
2024-05-28T23:12:30+00:00,usd_mxn,16.781,16.791,0.05955571437080319
2024-05-28T23:12:32+00:00,btc_mxn,1146940.0,1148970.0,0.176679982941243
2024-05-28T23:12:32+00:00,usd_mxn,16.781,16.791,0.05955571437080319
2024-05-28T23:12:34+00:00,btc_mxn,1146940.0,1148970.0,0.176679982941243
2024-05-28T23:12:34+00:00,usd_mxn,16.778,16.791,0.07742242868204202
2024-05-28T23:12:36+00:00,btc_mxn,1146940.0,1148970.0,0.176679982941243
2024-05-28T23:12:36+00:00,usd_mxn,16.781,16.791,0.05955571437080319
2024-05-28T23:12:38+00:00,btc_mxn,1146940.0,1148910.0,0.17146686859719212
2024-05-28T23:12:38+00:00,usd_mxn,16.781,16.791,0.05955571437080319
2024-05-28T23:12:40+00:00,btc_mxn,1146940.0,1148850.0,0.1662532097314706
2024-05-28T23:12:40+00:00,usd_mxn,16.781,16.791,0.05955571437080319
2024-05-28T23:12:42+00:00,btc_mxn,1146940.0,1148850.0,0.1662532097314706
2024-05-28T23:12:42+00:00,usd_mxn,16.781,16.791,0.05955571437080319
2024-05-28T23:12:44+00:00,btc_mxn,1146940.0,1148850.0,0.1662532097314706
2024-05-28T23:12:44+00:00,usd_mxn,16.781,16.791,0.05955571437080319
2024-05-28T23:12:45+00:00,btc_mxn,1146940.0,1148850.0,0.1662532097314706
2024-05-28T23:12:46+00:00,usd_mxn,16.781,16.791,0.05955571437080319
2024-05-28T23:12:47+00:00,btc_mxn,1146940.0,1148850.0,0.1662532097314706
2024-05-28T23:12:48+00:00,usd_mxn,16.781,16.791,0.05955571437080319
2024-05-28T23:12:49+00:00,btc_mxn,1146940.0,1148850.0,0.1662532097314706
2024-05-28T23:12:49+00:00,usd_mxn,16.781,16.791,0.05955571437080319
2024-05-28T23:12:51+00:00,btc_mxn,1146940.0,1148850.0,0.1662532097314706
2024-05-28T23:12:51+00:00,usd_mxn,16.781,16.791,0.05955571437080319
2024-05-28T23:12:53+00:00,btc_mxn,1146940.0,1148840.0,0.1653842136415863
2024-05-28T23:12:53+00:00,usd_mxn,16.778,16.791,0.07742242868204202
2024-05-28T23:12:55+00:00,btc_mxn,1146940.0,1148840.0,0.1653842136415863
2024-05-28T23:12:55+00:00,usd_mxn,16.778,16.791,0.07742242868204202
2024-05-28T23:12:56+00:00,btc_mxn,1146940.0,1148840.0,0.1653842136415863
2024-05-28T23:12:57+00:00,usd_mxn,16.778,16.792,0.0833730347784832
2024-05-28T23:12:58+00:00,btc_mxn,1146940.0,1148770.0,0.15930081739599747
2024-05-28T23:12:59+00:00,usd_mxn,16.777,16.792,0.08932825154835973
2024-05-28T23:13:00+00:00,btc_mxn,1146940.0,1148710.0,0.15408588764788328
2024-05-28T23:13:00+00:00,usd_mxn,16.778,16.792,0.0833730347784832
2024-05-28T23:13:02+00:00,btc_mxn,1146940.0,1148710.0,0.15408588764788328
2024-05-28T23:13:02+00:00,usd_mxn,16.777,16.791,0.08337800011910754
2024-05-28T23:13:04+00:00,btc_mxn,1146940.0,1148710.0,0.15408588764788328
2024-05-28T23:13:04+00:00,usd_mxn,16.78,16.791,0.06551128580786869
2024-05-28T23:13:05+00:00,btc_mxn,1146940.0,1148710.0,0.15408588764788328
2024-05-28T23:13:06+00:00,usd_mxn,16.78,16.791,0.06551128580786869
2024-05-28T23:13:07+00:00,btc_mxn,1146940.0,1148710.0,0.15408588764788328
2024-05-28T23:13:08+00:00,usd_mxn,16.78,16.791,0.06551128580786869
2024-05-28T23:13:09+00:00,btc_mxn,1146940.0,1148710.0,0.15408588764788328
2024-05-28T23:13:09+00:00,usd_mxn,16.78,16.791,0.06551128580786869
2024-05-28T23:13:11+00:00,btc_mxn,1146940.0,1148710.0,0.15408588764788328
2024-05-28T23:13:11+00:00,usd_mxn,16.78,16.791,0.06551128580786869
2024-05-28T23:13:13+00:00,btc_mxn,1146940.0,1148630.0,0.14713180049276095
2024-05-28T23:13:13+00:00,usd_mxn,16.78,16.791,0.06551128580786869
2024-05-28T23:13:15+00:00,btc_mxn,1146940.0,1148550.0,0.14017674459100604
2024-05-28T23:13:15+00:00,usd_mxn,16.78,16.791,0.06551128580786869
2024-05-28T23:13:16+00:00,btc_mxn,1146940.0,1148550.0,0.14017674459100604
2024-05-28T23:13:17+00:00,usd_mxn,16.78,16.791,0.06551128580786869
2024-05-28T23:13:18+00:00,btc_mxn,1146940.0,1148550.0,0.14017674459100604
2024-05-28T23:13:19+00:00,usd_mxn,16.78,16.791,0.06551128580786869
2024-05-28T23:13:20+00:00,btc_mxn,1146940.0,1148550.0,0.14017674459100604
2024-05-28T23:13:20+00:00,usd_mxn,16.78,16.791,0.06551128580786869
2024-05-28T23:13:22+00:00,btc_mxn,1146940.0,1148550.0,0.14017674459100604
2024-05-28T23:13:22+00:00,usd_mxn,16.78,16.791,0.06551128580786869
2024-05-28T23:13:24+00:00,btc_mxn,1146940.0,1148550.0,0.14017674459100604
2024-05-28T23:13:24+00:00,usd_mxn,16.78,16.791,0.06551128580786869
2024-05-28T23:13:26+00:00,btc_mxn,1146940.0,1148550.0,0.14017674459100604
2024-05-28T23:13:26+00:00,usd_mxn,16.78,16.791,0.06551128580786869
2024-05-28T23:13:28+00:00,btc_mxn,1146940.0,1148550.0,0.14017674459100604
2024-05-28T23:13:28+00:00,usd_mxn,16.78,16.791,0.06551128580786869
2024-05-28T23:13:30+00:00,btc_mxn,1146940.0,1148550.0,0.14017674459100604
2024-05-28T23:13:30+00:00,usd_mxn,16.78,16.791,0.06551128580786869
2024-05-28T23:13:32+00:00,btc_mxn,1146940.0,1148550.0,0.14017674459100604
2024-05-28T23:13:32+00:00,usd_mxn,16.78,16.791,0.06551128580786869
2024-05-28T23:13:33+00:00,btc_mxn,1146940.0,1148550.0,0.14017674459100604
2024-05-28T23:13:34+00:00,usd_mxn,16.78,16.791,0.06551128580786869
2024-05-28T23:13:36+00:00,btc_mxn,1146940.0,1148550.0,0.14017674459100604
2024-05-28T23:13:36+00:00,usd_mxn,16.78,16.791,0.06551128580786869
2024-05-28T23:13:37+00:00,btc_mxn,1146940.0,1148550.0,0.14017674459100604
2024-05-28T23:13:38+00:00,usd_mxn,16.78,16.791,0.06551128580786869
2024-05-28T23:13:39+00:00,btc_mxn,1146940.0,1148550.0,0.14017674459100604
2024-05-28T23:13:40+00:00,usd_mxn,16.78,16.791,0.06551128580786869
2024-05-28T23:13:41+00:00,btc_mxn,1146940.0,1148470.0,0.13322071974017605
2024-05-28T23:13:41+00:00,usd_mxn,16.78,16.791,0.06551128580786869
2024-05-28T23:13:43+00:00,btc_mxn,1146810.0,1148400.0,0.13845350052246605
2024-05-28T23:13:43+00:00,usd_mxn,16.78,16.791,0.06551128580786869
2024-05-28T23:13:45+00:00,btc_mxn,1146810.0,1148380.0,0.1367143280098922
2024-05-28T23:13:45+00:00,usd_mxn,16.78,16.791,0.06551128580786869
2024-05-28T23:13:46+00:00,btc_mxn,1146810.0,1148380.0,0.1367143280098922
2024-05-28T23:13:47+00:00,usd_mxn,16.78,16.791,0.06551128580786869
2024-05-28T23:13:48+00:00,btc_mxn,1146810.0,1148380.0,0.1367143280098922
2024-05-28T23:13:48+00:00,usd_mxn,16.78,16.791,0.06551128580786869
2024-05-28T23:13:50+00:00,btc_mxn,1146810.0,1148360.0,0.13497509491796997
2024-05-28T23:13:50+00:00,usd_mxn,16.78,16.791,0.06551128580786869
2024-05-28T23:13:52+00:00,btc_mxn,1146810.0,1148360.0,0.13497509491796997
2024-05-28T23:13:52+00:00,usd_mxn,16.78,16.791,0.06551128580786869
2024-05-28T23:13:54+00:00,btc_mxn,1146810.0,1148360.0,0.13497509491796997
2024-05-28T23:13:54+00:00,usd_mxn,16.78,16.791,0.06551128580786869
2024-05-28T23:13:55+00:00,btc_mxn,1146810.0,1148360.0,0.13497509491796997
2024-05-28T23:13:56+00:00,usd_mxn,16.78,16.791,0.06551128580786869
2024-05-28T23:13:57+00:00,btc_mxn,1146810.0,1148360.0,0.13497509491796997
2024-05-28T23:13:58+00:00,usd_mxn,16.78,16.791,0.06551128580786869
2024-05-28T23:13:59+00:00,btc_mxn,1146810.0,1148360.0,0.13497509491796997
2024-05-28T23:13:59+00:00,usd_mxn,16.78,16.791,0.06551128580786869
2024-05-28T23:14:01+00:00,btc_mxn,1146810.0,1148340.0,0.13323580124353415
2024-05-28T23:14:01+00:00,usd_mxn,16.78,16.791,0.06551128580786869
2024-05-28T23:14:03+00:00,btc_mxn,1146810.0,1148340.0,0.13323580124353415
2024-05-28T23:14:03+00:00,usd_mxn,16.78,16.791,0.06551128580786869
2024-05-28T23:14:05+00:00,btc_mxn,1146810.0,1148340.0,0.13323580124353415
2024-05-28T23:14:05+00:00,usd_mxn,16.78,16.791,0.06551128580786869
2024-05-28T23:14:06+00:00,btc_mxn,1146810.0,1148340.0,0.13323580124353415
2024-05-28T23:14:07+00:00,usd_mxn,16.78,16.791,0.06551128580786869
2024-05-28T23:14:08+00:00,btc_mxn,1146810.0,1148340.0,0.13323580124353415
2024-05-28T23:14:08+00:00,usd_mxn,16.78,16.791,0.06551128580786869
2024-05-28T23:14:10+00:00,btc_mxn,1146810.0,1148340.0,0.13323580124353415
2024-05-28T23:14:10+00:00,usd_mxn,16.78,16.791,0.06551128580786869
2024-05-28T23:14:12+00:00,btc_mxn,1146810.0,1148320.0,0.13149644698341925
2024-05-28T23:14:12+00:00,usd_mxn,16.78,16.791,0.06551128580786869
2024-05-28T23:14:13+00:00,btc_mxn,1146810.0,1148320.0,0.13149644698341925
2024-05-28T23:14:14+00:00,usd_mxn,16.78,16.791,0.06551128580786869
2024-05-28T23:14:15+00:00,btc_mxn,1146810.0,1148320.0,0.13149644698341925
2024-05-28T23:14:16+00:00,usd_mxn,16.78,16.791,0.06551128580786869
2024-05-28T23:14:17+00:00,btc_mxn,1146810.0,1148320.0,0.13149644698341925
2024-05-28T23:14:17+00:00,usd_mxn,16.78,16.791,0.06551128580786869
2024-05-28T23:14:19+00:00,btc_mxn,1146810.0,1148320.0,0.13149644698341925
2024-05-28T23:14:19+00:00,usd_mxn,16.78,16.791,0.06551128580786869
2024-05-28T23:14:21+00:00,btc_mxn,1146810.0,1148320.0,0.13149644698341925
2024-05-28T23:14:21+00:00,usd_mxn,16.78,16.791,0.06551128580786869
2024-05-28T23:14:22+00:00,btc_mxn,1146810.0,1148320.0,0.13149644698341925
2024-05-28T23:14:23+00:00,usd_mxn,16.78,16.791,0.06551128580786869
2024-05-28T23:14:24+00:00,btc_mxn,1146810.0,1148320.0,0.13149644698341925
2024-05-28T23:14:25+00:00,usd_mxn,16.78,16.791,0.06551128580786869
2024-05-28T23:14:26+00:00,btc_mxn,1146810.0,1148320.0,0.13149644698341925
2024-05-28T23:14:26+00:00,usd_mxn,16.78,16.791,0.06551128580786869
2024-05-28T23:14:28+00:00,btc_mxn,1146810.0,1148320.0,0.13149644698341925
2024-05-28T23:14:28+00:00,usd_mxn,16.78,16.791,0.06551128580786869
2024-05-28T23:14:30+00:00,btc_mxn,1146230.0,1148320.0,0.1820050160234081
2024-05-28T23:14:30+00:00,usd_mxn,16.78,16.791,0.06551128580786869
2024-05-28T23:14:31+00:00,btc_mxn,1146230.0,1148320.0,0.1820050160234081
2024-05-28T23:14:32+00:00,usd_mxn,16.78,16.791,0.06551128580786869
2024-05-28T23:14:33+00:00,btc_mxn,1146230.0,1148320.0,0.1820050160234081
2024-05-28T23:14:33+00:00,usd_mxn,16.78,16.791,0.06551128580786869
2024-05-28T23:14:35+00:00,btc_mxn,1146230.0,1148320.0,0.1820050160234081
2024-05-28T23:14:35+00:00,usd_mxn,16.78,16.791,0.06551128580786869
2024-05-28T23:14:37+00:00,btc_mxn,1146230.0,1148320.0,0.1820050160234081
2024-05-28T23:14:37+00:00,usd_mxn,16.78,16.791,0.06551128580786869
2024-05-28T23:14:38+00:00,btc_mxn,1146230.0,1148320.0,0.1820050160234081
2024-05-28T23:14:39+00:00,usd_mxn,16.78,16.791,0.06551128580786869
2024-05-28T23:14:40+00:00,btc_mxn,1146230.0,1148320.0,0.1820050160234081
2024-05-28T23:14:41+00:00,usd_mxn,16.78,16.791,0.06551128580786869
2024-05-28T23:14:42+00:00,btc_mxn,1146280.0,1148320.0,0.17765082903720217
2024-05-28T23:14:42+00:00,usd_mxn,16.78,16.791,0.06551128580786869
2024-05-28T23:14:44+00:00,btc_mxn,1146290.0,1148320.0,0.176779991639961
2024-05-28T23:14:44+00:00,usd_mxn,16.78,16.791,0.06551128580786869
2024-05-28T23:14:46+00:00,btc_mxn,1146290.0,1148320.0,0.176779991639961
2024-05-28T23:14:46+00:00,usd_mxn,16.78,16.791,0.06551128580786869
2024-05-28T23:14:47+00:00,btc_mxn,1146290.0,1148320.0,0.176779991639961
2024-05-28T23:14:48+00:00,usd_mxn,16.78,16.791,0.06551128580786869
2024-05-28T23:14:49+00:00,btc_mxn,1146290.0,1148320.0,0.176779991639961
2024-05-28T23:14:49+00:00,usd_mxn,16.78,16.791,0.06551128580786869
2024-05-28T23:14:51+00:00,btc_mxn,1146290.0,1148320.0,0.176779991639961
2024-05-28T23:14:51+00:00,usd_mxn,16.78,16.791,0.06551128580786869
2024-05-28T23:14:53+00:00,btc_mxn,1146290.0,1148320.0,0.176779991639961
2024-05-28T23:14:53+00:00,usd_mxn,16.78,16.791,0.06551128580786869
2024-05-28T23:14:54+00:00,btc_mxn,1146290.0,1148320.0,0.176779991639961
2024-05-28T23:14:55+00:00,usd_mxn,16.78,16.791,0.06551128580786869
2024-05-28T23:14:56+00:00,btc_mxn,1146290.0,1148320.0,0.176779991639961
2024-05-28T23:14:56+00:00,usd_mxn,16.78,16.791,0.06551128580786869
2024-05-28T23:14:58+00:00,btc_mxn,1146290.0,1148320.0,0.176779991639961
2024-05-28T23:14:58+00:00,usd_mxn,16.78,16.791,0.06551128580786869
2024-05-28T23:15:00+00:00,btc_mxn,1146290.0,1148320.0,0.176779991639961
2024-05-28T23:15:00+00:00,usd_mxn,16.78,16.791,0.06551128580786869
2024-05-28T23:15:01+00:00,btc_mxn,1146290.0,1148320.0,0.176779991639961
2024-05-28T23:15:02+00:00,usd_mxn,16.78,16.791,0.06551128580786869
2024-05-28T23:15:03+00:00,btc_mxn,1146290.0,1148310.0,0.17591068613876043
2024-05-28T23:15:03+00:00,usd_mxn,16.78,16.791,0.06551128580786869
2024-05-28T23:15:05+00:00,btc_mxn,1146290.0,1148230.0,0.16895569702934082
2024-05-28T23:15:05+00:00,usd_mxn,16.78,16.791,0.06551128580786869
2024-05-28T23:15:07+00:00,btc_mxn,1146380.0,1148810.0,0.21152322838415405
2024-05-28T23:15:07+00:00,usd_mxn,16.78,16.791,0.06551128580786869
2024-05-28T23:15:08+00:00,btc_mxn,1146380.0,1148810.0,0.21152322838415405
2024-05-28T23:15:09+00:00,usd_mxn,16.78,16.791,0.06551128580786869
2024-05-28T23:15:10+00:00,btc_mxn,1146380.0,1148760.0,0.20717991573522754
2024-05-28T23:15:10+00:00,usd_mxn,16.78,16.791,0.06551128580786869
2024-05-28T23:15:12+00:00,btc_mxn,1146380.0,1148680.0,0.2002298290211373
2024-05-28T23:15:12+00:00,usd_mxn,16.78,16.791,0.06551128580786869
2024-05-28T23:15:14+00:00,btc_mxn,1146380.0,1148760.0,0.20717991573522754
2024-05-28T23:15:14+00:00,usd_mxn,16.78,16.791,0.06551128580786869
2024-05-28T23:15:16+00:00,btc_mxn,1146380.0,1148820.0,0.21239184554586446
2024-05-28T23:15:16+00:00,usd_mxn,16.78,16.791,0.06551128580786869
2024-05-28T23:15:17+00:00,btc_mxn,1146380.0,1148730.0,0.20457374665935424
2024-05-28T23:15:18+00:00,usd_mxn,16.78,16.791,0.06551128580786869
2024-05-28T23:15:19+00:00,btc_mxn,1146380.0,1148650.0,0.19762329691376834
2024-05-28T23:15:19+00:00,usd_mxn,16.78,16.791,0.06551128580786869
2024-05-28T23:15:21+00:00,btc_mxn,1146380.0,1148570.0,0.19067187894512305
2024-05-28T23:15:21+00:00,usd_mxn,16.78,16.791,0.06551128580786869
2024-05-28T23:15:23+00:00,btc_mxn,1146380.0,1148490.0,0.18371949255108883
2024-05-28T23:15:23+00:00,usd_mxn,16.78,16.791,0.06551128580786869
2024-05-28T23:15:24+00:00,btc_mxn,1146380.0,1148390.0,0.17502764740201499
2024-05-28T23:15:25+00:00,usd_mxn,16.78,16.791,0.06551128580786869
2024-05-28T23:15:26+00:00,btc_mxn,1146380.0,1148300.0,0.16720369241487415
2024-05-28T23:15:27+00:00,usd_mxn,16.78,16.791,0.06551128580786869
2024-05-28T23:15:28+00:00,btc_mxn,1146380.0,1148300.0,0.16720369241487415
2024-05-28T23:15:28+00:00,usd_mxn,16.78,16.791,0.06551128580786869
2024-05-28T23:15:30+00:00,btc_mxn,1146380.0,1148300.0,0.16720369241487415
2024-05-28T23:15:30+00:00,usd_mxn,16.78,16.791,0.06551128580786869
2024-05-28T23:15:32+00:00,btc_mxn,1146380.0,1148300.0,0.16720369241487415
2024-05-28T23:15:32+00:00,usd_mxn,16.78,16.791,0.06551128580786869
2024-05-28T23:15:33+00:00,btc_mxn,1146380.0,1148300.0,0.16720369241487415
2024-05-28T23:15:34+00:00,usd_mxn,16.78,16.791,0.06551128580786869
2024-05-28T23:15:35+00:00,btc_mxn,1146380.0,1148300.0,0.16720369241487415
2024-05-28T23:15:35+00:00,usd_mxn,16.78,16.791,0.06551128580786869
2024-05-28T23:15:37+00:00,btc_mxn,1146380.0,1148300.0,0.16720369241487415
2024-05-28T23:15:37+00:00,usd_mxn,16.78,16.791,0.06551128580786869
2024-05-28T23:15:38+00:00,btc_mxn,1146380.0,1148300.0,0.16720369241487415
2024-05-28T23:15:39+00:00,usd_mxn,16.78,16.791,0.06551128580786869
2024-05-28T23:15:40+00:00,btc_mxn,1146380.0,1148300.0,0.16720369241487415
2024-05-28T23:15:41+00:00,usd_mxn,16.78,16.791,0.06551128580786869
2024-05-28T23:15:42+00:00,btc_mxn,1146380.0,1148300.0,0.16720369241487415
2024-05-28T23:15:42+00:00,usd_mxn,16.78,16.791,0.06551128580786869
2024-05-28T23:15:44+00:00,btc_mxn,1146380.0,1148300.0,0.16720369241487415
2024-05-28T23:15:44+00:00,usd_mxn,16.78,16.791,0.06551128580786869
2024-05-28T23:15:45+00:00,btc_mxn,1146380.0,1148300.0,0.16720369241487415
2024-05-28T23:15:46+00:00,usd_mxn,16.78,16.791,0.06551128580786869
2024-05-28T23:15:47+00:00,btc_mxn,1146380.0,1148300.0,0.16720369241487415
2024-05-28T23:15:47+00:00,usd_mxn,16.78,16.791,0.06551128580786869
2024-05-28T23:15:49+00:00,btc_mxn,1146380.0,1148300.0,0.16720369241487415
2024-05-28T23:15:49+00:00,usd_mxn,16.78,16.791,0.06551128580786869
2024-05-28T23:15:50+00:00,btc_mxn,1146380.0,1148300.0,0.16720369241487415
2024-05-28T23:15:51+00:00,usd_mxn,16.78,16.791,0.06551128580786869
2024-05-28T23:15:52+00:00,btc_mxn,1146380.0,1148300.0,0.16720369241487415
2024-05-28T23:15:53+00:00,usd_mxn,16.78,16.791,0.06551128580786869
2024-05-28T23:15:54+00:00,btc_mxn,1146380.0,1148210.0,0.1593785108995741
2024-05-28T23:15:54+00:00,usd_mxn,16.78,16.791,0.06551128580786869
2024-05-28T23:15:56+00:00,btc_mxn,1146380.0,1148650.0,0.19762329691376834
2024-05-28T23:15:56+00:00,usd_mxn,16.78,16.791,0.06551128580786869
2024-05-28T23:15:57+00:00,btc_mxn,1146380.0,1148570.0,0.19067187894512305
2024-05-28T23:15:58+00:00,usd_mxn,16.78,16.791,0.06551128580786869
2024-05-28T23:15:59+00:00,btc_mxn,1146360.0,1148630.0,0.19762673793998067
2024-05-28T23:15:59+00:00,usd_mxn,16.78,16.791,0.06551128580786869
2024-05-28T23:16:01+00:00,btc_mxn,1146360.0,1148630.0,0.19762673793998067
2024-05-28T23:16:01+00:00,usd_mxn,16.78,16.791,0.06551128580786869
2024-05-28T23:16:03+00:00,btc_mxn,1146360.0,1148630.0,0.19762673793998067
2024-05-28T23:16:03+00:00,usd_mxn,16.78,16.791,0.06551128580786869
2024-05-28T23:16:05+00:00,btc_mxn,1146370.0,1148550.0,0.18980453615428147
2024-05-28T23:16:05+00:00,usd_mxn,16.78,16.791,0.06551128580786869
2024-05-28T23:16:07+00:00,btc_mxn,1146370.0,1148470.0,0.1828519682708299
2024-05-28T23:16:07+00:00,usd_mxn,16.78,16.791,0.06551128580786869
2024-05-28T23:16:09+00:00,btc_mxn,1146370.0,1148370.0,0.17415989620070185
2024-05-28T23:16:09+00:00,usd_mxn,16.78,16.791,0.06551128580786869
2024-05-28T23:16:10+00:00,btc_mxn,1146370.0,1148280.0,0.16633573692827533
2024-05-28T23:16:11+00:00,usd_mxn,16.78,16.791,0.06551128580786869
2024-05-28T23:16:13+00:00,btc_mxn,1146370.0,1148200.0,0.15937989897230448
2024-05-28T23:16:13+00:00,usd_mxn,16.78,16.791,0.06551128580786869
2024-05-28T23:16:14+00:00,btc_mxn,1146370.0,1148140.0,0.15416238437821173
2024-05-28T23:16:15+00:00,usd_mxn,16.78,16.791,0.06551128580786869
2024-05-28T23:16:16+00:00,btc_mxn,1146370.0,1148360.0,0.17329060573339372
2024-05-28T23:16:16+00:00,usd_mxn,16.78,16.791,0.06551128580786869
2024-05-28T23:16:18+00:00,btc_mxn,1146370.0,1148350.0,0.17242130012626813
2024-05-28T23:16:18+00:00,usd_mxn,16.78,16.791,0.06551128580786869
2024-05-28T23:16:20+00:00,btc_mxn,1146370.0,1148350.0,0.17242130012626813
2024-05-28T23:16:20+00:00,usd_mxn,16.78,16.791,0.06551128580786869
2024-05-28T23:16:21+00:00,btc_mxn,1146370.0,1148350.0,0.17242130012626813
2024-05-28T23:16:22+00:00,usd_mxn,16.78,16.791,0.06551128580786869
2024-05-28T23:16:23+00:00,btc_mxn,1146370.0,1148350.0,0.17242130012626813
2024-05-28T23:16:23+00:00,usd_mxn,16.78,16.791,0.06551128580786869
2024-05-28T23:16:25+00:00,btc_mxn,1146370.0,1148350.0,0.17242130012626813
2024-05-28T23:16:25+00:00,usd_mxn,16.78,16.791,0.06551128580786869
2024-05-28T23:16:27+00:00,btc_mxn,1146370.0,1148350.0,0.17242130012626813
2024-05-28T23:16:27+00:00,usd_mxn,16.78,16.791,0.06551128580786869
2024-05-28T23:16:28+00:00,btc_mxn,1146370.0,1148350.0,0.17242130012626813
2024-05-28T23:16:29+00:00,usd_mxn,16.78,16.791,0.06551128580786869
2024-05-28T23:16:30+00:00,btc_mxn,1146370.0,1148350.0,0.17242130012626813
2024-05-28T23:16:30+00:00,usd_mxn,16.78,16.791,0.06551128580786869
2024-05-28T23:16:32+00:00,btc_mxn,1146370.0,1148350.0,0.17242130012626813
2024-05-28T23:16:32+00:00,usd_mxn,16.78,16.791,0.06551128580786869
2024-05-28T23:16:34+00:00,btc_mxn,1146370.0,1148350.0,0.17242130012626813
2024-05-28T23:16:34+00:00,usd_mxn,16.78,16.791,0.06551128580786869
2024-05-28T23:16:35+00:00,btc_mxn,1146370.0,1148350.0,0.17242130012626813
2024-05-28T23:16:36+00:00,usd_mxn,16.78,16.791,0.06551128580786869
2024-05-28T23:16:37+00:00,btc_mxn,1146370.0,1148350.0,0.17242130012626813
2024-05-28T23:16:37+00:00,usd_mxn,16.78,16.791,0.06551128580786869
2024-05-28T23:16:39+00:00,btc_mxn,1146220.0,1148350.0,0.1854835198328036
2024-05-28T23:16:39+00:00,usd_mxn,16.78,16.791,0.06551128580786869
2024-05-28T23:16:40+00:00,btc_mxn,1146220.0,1148770.0,0.22197654883048826
2024-05-28T23:16:41+00:00,usd_mxn,16.78,16.791,0.06551128580786869
2024-05-28T23:16:42+00:00,btc_mxn,1146220.0,1148770.0,0.22197654883048826
2024-05-28T23:16:42+00:00,usd_mxn,16.78,16.791,0.06551128580786869
2024-05-28T23:16:44+00:00,btc_mxn,1146230.0,1148740.0,0.21850026986089105
2024-05-28T23:16:45+00:00,usd_mxn,16.78,16.791,0.06551128580786869
2024-05-28T23:16:46+00:00,btc_mxn,1146230.0,1148660.0,0.21155085055630038
2024-05-28T23:16:46+00:00,usd_mxn,16.78,16.791,0.06551128580786869
2024-05-28T23:16:48+00:00,btc_mxn,1146230.0,1148600.0,0.20633815079226886
2024-05-28T23:16:48+00:00,usd_mxn,16.78,16.791,0.06551128580786869
2024-05-28T23:16:52+00:00,btc_mxn,1146230.0,1148530.0,0.2002559793823409
2024-05-28T23:16:53+00:00,usd_mxn,16.78,16.791,0.06551128580786869
2024-05-28T23:16:54+00:00,btc_mxn,1146230.0,1148490.0,0.19678011998363068
2024-05-28T23:16:54+00:00,usd_mxn,16.78,16.791,0.06551128580786869
2024-05-28T23:16:56+00:00,btc_mxn,1146230.0,1148400.0,0.18895855102751655
2024-05-28T23:16:56+00:00,usd_mxn,16.78,16.791,0.06551128580786869
2024-05-28T23:16:57+00:00,btc_mxn,1146230.0,1148800.0,0.2237116991643454
2024-05-28T23:16:58+00:00,usd_mxn,16.78,16.791,0.06551128580786869
2024-05-28T23:16:59+00:00,btc_mxn,1146230.0,1148270.0,0.17765856462330287
2024-05-28T23:16:59+00:00,usd_mxn,16.78,16.791,0.06551128580786869
2024-05-28T23:17:01+00:00,btc_mxn,1146230.0,1148890.0,0.23152782250694148
2024-05-28T23:17:01+00:00,usd_mxn,16.78,16.791,0.06551128580786869
2024-05-28T23:17:03+00:00,btc_mxn,1146220.0,1148860.0,0.22979301220340162
2024-05-28T23:17:03+00:00,usd_mxn,16.78,16.791,0.06551128580786869
2024-05-28T23:17:05+00:00,btc_mxn,1146220.0,1148860.0,0.22979301220340162
2024-05-28T23:17:05+00:00,usd_mxn,16.78,16.791,0.06551128580786869
2024-05-28T23:17:06+00:00,btc_mxn,1146220.0,1148860.0,0.22979301220340162
2024-05-28T23:17:07+00:00,usd_mxn,16.78,16.791,0.06551128580786869
2024-05-28T23:17:08+00:00,btc_mxn,1146220.0,1148860.0,0.22979301220340162
2024-05-28T23:17:08+00:00,usd_mxn,16.78,16.791,0.06551128580786869
2024-05-28T23:17:10+00:00,btc_mxn,1146270.0,1148860.0,0.22544087182076145
2024-05-28T23:17:10+00:00,usd_mxn,16.78,16.791,0.06551128580786869
2024-05-28T23:17:11+00:00,btc_mxn,1146300.0,1148860.0,0.22282958759117735
2024-05-28T23:17:12+00:00,usd_mxn,16.78,16.791,0.06551128580786869
2024-05-28T23:17:13+00:00,btc_mxn,1146300.0,1148860.0,0.22282958759117735
2024-05-28T23:17:13+00:00,usd_mxn,16.78,16.791,0.06551128580786869
2024-05-28T23:17:15+00:00,btc_mxn,1146320.0,1148840.0,0.21935169388252498
2024-05-28T23:17:15+00:00,usd_mxn,16.78,16.791,0.06551128580786869
2024-05-28T23:17:16+00:00,btc_mxn,1146310.0,1149220.0,0.2532152242390491
2024-05-28T23:17:17+00:00,usd_mxn,16.78,16.791,0.06551128580786869
2024-05-28T23:17:18+00:00,btc_mxn,1146740.0,1149220.0,0.21579854161953324
2024-05-28T23:17:18+00:00,usd_mxn,16.78,16.791,0.06551128580786869
2024-05-28T23:17:20+00:00,btc_mxn,1146750.0,1149210.0,0.21406009345550422
2024-05-28T23:17:20+00:00,usd_mxn,16.78,16.791,0.06551128580786869
2024-05-28T23:17:22+00:00,btc_mxn,1146750.0,1149230.0,0.21579666385318866
2024-05-28T23:17:22+00:00,usd_mxn,16.78,16.791,0.06551128580786869
2024-05-28T23:17:23+00:00,btc_mxn,1146750.0,1149190.0,0.21232346261279683
2024-05-28T23:17:24+00:00,usd_mxn,16.78,16.791,0.06551128580786869
2024-05-28T23:17:25+00:00,btc_mxn,1146750.0,1149230.0,0.21579666385318866
2024-05-28T23:17:25+00:00,usd_mxn,16.78,16.791,0.06551128580786869
2024-05-28T23:17:27+00:00,btc_mxn,1146750.0,1149160.0,0.20971840300741412
2024-05-28T23:17:27+00:00,usd_mxn,16.78,16.791,0.06551128580786869
2024-05-28T23:17:28+00:00,btc_mxn,1146750.0,1149080.0,0.2027709123820796
2024-05-28T23:17:29+00:00,usd_mxn,16.78,16.791,0.06551128580786869
2024-05-28T23:17:30+00:00,btc_mxn,1146750.0,1149000.0,0.195822454308094
2024-05-28T23:17:30+00:00,usd_mxn,16.78,16.791,0.06551128580786869
2024-05-28T23:17:32+00:00,btc_mxn,1146750.0,1148910.0,0.18800428231976396
2024-05-28T23:17:32+00:00,usd_mxn,16.78,16.791,0.06551128580786869
2024-05-28T23:17:33+00:00,btc_mxn,1146750.0,1148830.0,0.18105376774631582
2024-05-28T23:17:34+00:00,usd_mxn,16.78,16.791,0.06551128580786869
2024-05-28T23:17:35+00:00,btc_mxn,1146750.0,1148750.0,0.17410228509249184
2024-05-28T23:17:35+00:00,usd_mxn,16.78,16.791,0.06551128580786869
2024-05-28T23:17:37+00:00,btc_mxn,1146750.0,1148660.0,0.16628070969651593
2024-05-28T23:17:37+00:00,usd_mxn,16.78,16.791,0.06551128580786869
2024-05-28T23:17:38+00:00,btc_mxn,1146750.0,1148580.0,0.15932716920022985
2024-05-28T23:17:39+00:00,usd_mxn,16.78,16.791,0.06551128580786869
2024-05-28T23:17:40+00:00,btc_mxn,1146750.0,1148530.0,0.1549807144785073
2024-05-28T23:17:41+00:00,usd_mxn,16.78,16.791,0.06551128580786869
2024-05-28T23:17:42+00:00,btc_mxn,1146750.0,1148530.0,0.1549807144785073
2024-05-28T23:17:43+00:00,usd_mxn,16.78,16.791,0.06551128580786869
2024-05-28T23:17:44+00:00,btc_mxn,1146750.0,1148530.0,0.1549807144785073
2024-05-28T23:17:45+00:00,usd_mxn,16.78,16.791,0.06551128580786869
2024-05-28T23:17:46+00:00,btc_mxn,1146750.0,1148530.0,0.1549807144785073
2024-05-28T23:17:46+00:00,usd_mxn,16.78,16.791,0.06551128580786869
2024-05-28T23:17:48+00:00,btc_mxn,1146750.0,1148530.0,0.1549807144785073
2024-05-28T23:17:48+00:00,usd_mxn,16.78,16.791,0.06551128580786869
2024-05-28T23:17:49+00:00,btc_mxn,1146750.0,1148530.0,0.1549807144785073
2024-05-28T23:17:50+00:00,usd_mxn,16.78,16.791,0.06551128580786869
2024-05-28T23:17:51+00:00,btc_mxn,1146750.0,1148530.0,0.1549807144785073
2024-05-28T23:17:51+00:00,usd_mxn,16.78,16.791,0.06551128580786869
2024-05-28T23:17:53+00:00,btc_mxn,1146750.0,1148530.0,0.1549807144785073
2024-05-28T23:17:53+00:00,usd_mxn,16.78,16.791,0.06551128580786869
2024-05-28T23:17:55+00:00,btc_mxn,1146750.0,1148530.0,0.1549807144785073
2024-05-28T23:17:55+00:00,usd_mxn,16.78,16.791,0.06551128580786869
2024-05-28T23:17:56+00:00,btc_mxn,1146750.0,1148530.0,0.1549807144785073
2024-05-28T23:17:57+00:00,usd_mxn,16.78,16.791,0.06551128580786869
2024-05-28T23:17:58+00:00,btc_mxn,1146750.0,1148530.0,0.1549807144785073
2024-05-28T23:17:58+00:00,usd_mxn,16.78,16.791,0.06551128580786869
2024-05-28T23:18:00+00:00,btc_mxn,1146750.0,1148530.0,0.1549807144785073
2024-05-28T23:18:00+00:00,usd_mxn,16.78,16.791,0.06551128580786869
2024-05-28T23:18:01+00:00,btc_mxn,1146750.0,1148530.0,0.1549807144785073
2024-05-28T23:18:02+00:00,usd_mxn,16.78,16.791,0.06551128580786869
2024-05-28T23:18:03+00:00,btc_mxn,1146750.0,1148530.0,0.1549807144785073
2024-05-28T23:18:04+00:00,usd_mxn,16.78,16.791,0.06551128580786869
2024-05-28T23:18:05+00:00,btc_mxn,1146750.0,1148530.0,0.1549807144785073
2024-05-28T23:18:06+00:00,usd_mxn,16.78,16.791,0.06551128580786869
2024-05-28T23:18:07+00:00,btc_mxn,1146750.0,1148530.0,0.1549807144785073
2024-05-28T23:18:08+00:00,usd_mxn,16.78,16.791,0.06551128580786869
2024-05-28T23:18:09+00:00,btc_mxn,1146750.0,1148530.0,0.1549807144785073
2024-05-28T23:18:09+00:00,usd_mxn,16.78,16.791,0.06551128580786869
2024-05-28T23:18:11+00:00,btc_mxn,1146750.0,1148530.0,0.1549807144785073
2024-05-28T23:18:11+00:00,usd_mxn,16.78,16.791,0.06551128580786869
2024-05-28T23:18:12+00:00,btc_mxn,1146750.0,1148530.0,0.1549807144785073
2024-05-28T23:18:13+00:00,usd_mxn,16.78,16.791,0.06551128580786869
2024-05-28T23:18:14+00:00,btc_mxn,1146750.0,1148530.0,0.1549807144785073
2024-05-28T23:18:15+00:00,usd_mxn,16.78,16.791,0.06551128580786869
2024-05-28T23:18:16+00:00,btc_mxn,1146750.0,1148530.0,0.1549807144785073
2024-05-28T23:18:16+00:00,usd_mxn,16.78,16.791,0.06551128580786869
2024-05-28T23:18:18+00:00,btc_mxn,1146750.0,1148530.0,0.1549807144785073
2024-05-28T23:18:18+00:00,usd_mxn,16.78,16.791,0.06551128580786869
2024-05-28T23:18:19+00:00,btc_mxn,1146750.0,1148530.0,0.1549807144785073
2024-05-28T23:18:20+00:00,usd_mxn,16.78,16.791,0.06551128580786869
2024-05-28T23:18:21+00:00,btc_mxn,1146750.0,1148530.0,0.1549807144785073
2024-05-28T23:18:21+00:00,usd_mxn,16.78,16.791,0.06551128580786869
2024-05-28T23:18:23+00:00,btc_mxn,1146750.0,1148530.0,0.1549807144785073
2024-05-28T23:18:23+00:00,usd_mxn,16.78,16.791,0.06551128580786869
2024-05-28T23:18:24+00:00,btc_mxn,1146750.0,1148530.0,0.1549807144785073
2024-05-28T23:18:25+00:00,usd_mxn,16.78,16.791,0.06551128580786869
2024-05-28T23:18:26+00:00,btc_mxn,1146750.0,1148520.0,0.15411137812140843
2024-05-28T23:18:27+00:00,usd_mxn,16.78,16.791,0.06551128580786869
2024-05-28T23:18:28+00:00,btc_mxn,1146750.0,1148520.0,0.15411137812140843
2024-05-28T23:18:28+00:00,usd_mxn,16.78,16.791,0.06551128580786869
2024-05-28T23:18:30+00:00,btc_mxn,1146750.0,1148520.0,0.15411137812140843
2024-05-28T23:18:30+00:00,usd_mxn,16.78,16.791,0.06551128580786869
2024-05-28T23:18:31+00:00,btc_mxn,1146750.0,1148520.0,0.15411137812140843
2024-05-28T23:18:32+00:00,usd_mxn,16.78,16.791,0.06551128580786869
